1CClientBankExchange
ВерсияФормата=1.03
Кодировка=Windows
Отправитель=Банк
ДатаСоздания=24.10.2025
ВремяСоздания=10:30:00

СекцияДокумент=Платежное поручение
Номер=115
Дата=24.10.2025
Сумма=8263.00
ПлательщикСчет=40702810068000001468
Плательщик=ООО АКСОН
ПлательщикИНН=5262382878
ПлательщикКПП=526201001
ПолучательСчет=03100643000000018500
Получатель=ФНС России
ПолучательИНН=7727406020
ПолучательКПП=0
НазначениеПлатежа=Единый налоговый платеж
КонецДокумента

СекцияДокумент=Платежное поручение
Номер=116
Дата=25.10.2025
Сумма=15000.50
ПлательщикСчет=40702810068000001468
Плательщик=ООО АКСОН
ПлательщикИНН=5262382878
ПолучательСчет=40817810099910004312
Получатель=ООО Поставщик
ПолучательИНН=1234567890
НазначениеПлатежа=Оплата по счету №123 от 20.10.2025
КонецДокумента

