1CClientBankExchange
ВерсияФормата=1.03
Кодировка=UTF-8
Отправитель=Банк
ДатаСоздания=24.10.2025
ВремяСоздания=10:30:00

СекцияДокумент=Платежное поручение
Номер=200
Дата=26.10.2025
Сумма=5000,00
ПлательщикСчет=40702810068000001468
Плательщик=ООО АКСОН
ПлательщикИНН=5262382878
ПолучательСчет=40817810099910004312
Получатель=ООО Клиент
ПолучательИНН=9876543210
НазначениеПлатежа=Выручка от продаж
КонецДокумента

