1CClientBankExchange
ВерсияФормата=1.03
Кодировка=Windows
Отправитель=Сбербанк
РасчСчет=40702810138000123456

СекцияРасчСчет
ДатаНачала=01.11.2025
ДатаКонца=01.11.2025
РасчСчет=40702810138000123456
НачальныйОстаток=1000000.00
ВсегоПоступило=250000.00
ВсегоСписано=150000.00
КонечныйОстаток=1100000.00
КонецРасчСчет

СекцияДокумент=Платежное поручение
Номер=1001
Дата=01.11.2025
ДатаПоступило=01.11.2025
Сумма=100 000,00
ПлательщикСчет=40702810100000111111
Плательщик=ООО Клиент №1
ПлательщикИНН=7701234567
ПолучательСчет=40702810138000123456
Получатель=ООО ТЕСТОВАЯ КОМПАНИЯ
ПолучательИНН=7712345678
НазначениеПлатежа=Оплата по договору №101 от 01.11.2025 за услуги консультации
КонецДокумента

СекцияДокумент=Платежное поручение
Номер=1002
Дата=01.11.2025
ДатаСписано=01.11.2025
Сумма=50 000,50
ПлательщикСчет=40702810138000123456
Плательщик=ООО ТЕСТОВАЯ КОМПАНИЯ
ПлательщикИНН=7712345678
ПолучательСчет=40702810200000222222
Получатель=ООО Поставщик Материалов
ПолучательИНН=7723456789
НазначениеПлатежа=Оплата за материалы по счету №555
КонецДокумента

СекцияРасчСчет
ДатаНачала=02.11.2025
ДатаКонца=02.11.2025
РасчСчет=40702810138000123456
НачальныйОстаток=1100000.00
ВсегоПоступило=150000.00
ВсегоСписано=100000.00
КонечныйОстаток=1150000.00
КонецРасчСчет

СекцияДокумент=Банковский ордер
Номер=BO-2001
Дата=02.11.2025
ДатаПоступило=02.11.2025
Сумма=150000.00
ПлательщикСчет=40702810300000333333
Плательщик=ООО Партнер
ПлательщикИНН=7734567890
ПолучательСчет=40702810138000123456
Получатель=ООО ТЕСТОВАЯ КОМПАНИЯ
ПолучательИНН=7712345678
НазначениеПлатежа=Поступление от контрагента
КонецДокумента

