1CClientBankExchange
ВерсияФормата=1.02
Кодировка=UTF-8
Отправитель=Т-Банк
РасчСчет=40702810500000123456

СекцияДокумент=Платежное поручение
Номер=123
Дата=15.11.2025
Сумма=25000
ПлательщикСчет=40817810123456789012
Плательщик1=Иванов Иван Иванович
ПолучательСчет=40702810500000123456
Получатель1=ИП ПЕТРОВ ПЕТР ПЕТРОВИЧ
ПолучательИНН=123456789012
НазначениеПлатежа=Оплата за услуги по договору
КонецДокумента

СекцияДокумент=Списание
Номер=124
Дата=16.11.2025
Сумма=3500.75
ПлательщикСчет=40702810500000123456
Плательщик1=ИП ПЕТРОВ ПЕТР ПЕТРОВИЧ
ПлательщикИНН=123456789012
ПолучательСчет=40702810999999999999
Получатель1=ООО БУХГАЛТЕРСКИЕ УСЛУГИ
ПолучательИНН=7788990011
НазначениеПлатежа=Комиссия банка за ведение счета
КонецДокумента

СекцияДокумент=СБП
Номер=SBP-567
Дата=17.11.2025
Сумма=12 500,00
ПлательщикСчет=40817810999888777666
Плательщик1=Сидоров С.С.
ПолучательСчет=40702810500000123456
Получатель1=ИП ПЕТРОВ ПЕТР ПЕТРОВИЧ
ПолучательИНН=123456789012
НазначениеПлатежа=Оплата через СБП за товар
КонецДокумента

