1CClientBankExchange
ВерсияФормата=1.03
Кодировка=Windows

СекцияДокумент=Мемориальный ордер
Номер=МО-001
Дата=20.11.2025
Сумма=75000
ПлательщикСчет=40702810100000000001
Плательщик=ООО КОМПАНИЯ А
ПолучательСчет=40702810100000000002
Получатель=ООО КОМПАНИЯ Б
НазначениеПлатежа=Внутренний перевод
КонецДокумента

СекцияДокумент=Инкассовое поручение
Номер=ИП-002
Дата=21.11.2025
Сумма=15000,00
ПлательщикСчет=40702810100000000003
Плательщик=ООО ДОЛЖНИК
ПолучательСчет=40702810100000000004
Получатель=ООО ВЗЫСКАТЕЛЬ
НазначениеПлатежа=Взыскание по решению суда
КонецДокумента

СекцияДокумент=Объявление на взнос наличными
Номер=ВН-003
Дата=22.11.2025
Сумма=50000.00
ПлательщикСчет=0
Плательщик=Директор Иванов И.И.
ПолучательСчет=40702810100000000005
Получатель=ООО МОЯ КОМПАНИЯ
ПолучательИНН=1122334455
НазначениеПлатежа=Взнос наличными на р/с
КонецДокумента

СекцияДокумент=Карточные операции
Номер=CARD-004
Дата=23.11.2025
Сумма=3250,50
ПлательщикСчет=40702810100000000006
Плательщик=ООО ОФИС
ПлательщикИНН=2233445566
ПолучательСчет=40702810100000000007
Получатель=Магазин Канцтовары
НазначениеПлатежа=Оплата картой за канцелярию
КонецДокумента

СекцияДокумент=Комиссия
Номер=COM-005
Дата=24.11.2025
Сумма=150.00
ПлательщикСчет=40702810100000000008
Плательщик=ООО КЛИЕНТ
ПолучательСчет=30102810100000000009
Получатель=АО БАНК
НазначениеПлатежа=Комиссия за перевод
КонецДокумента

